@INPROCEEDINGS{gateChargeChara, 
author={T. Horiguchi and S. i. Kinouchi and Y. Nakayama and T. Oi and H. Urushibata and S. Okamoto and S. Tominaga and H. Akagi}, 
booktitle={2014 International Power Electronics Conference (IPEC-Hiroshima 2014 - ECCE ASIA)}, 
title={A short circuit protection method based on a gate charge characteristic}, 
year={2014}, 
pages={2290-2296}, 
keywords={insulated gate bipolar transistors;short-circuit currents;HSF;IGBT protection;circuit configuration;collector-emitter voltage;fault under load;gate charge characteristic;gate-emitter voltage;hard-switching fault;high-speed circuit;normal turn-on conditions;reverse transfer capacitance;short circuit protection method;short-circuit fault conditions;switching behavior;Insulated gate bipolar transistors;Logic gates;Switches;Fault under load;Hard-switching fault;Insulated gate bipolar transistor;Protection}, 
doi={10.1109/IPEC.2014.6869909}, 
ISSN={2150-6078}, 
month={May},}
@article{scd, title={A New Method of Early Short Circuit Detection}, volume={02}, url={http://file.scirp.org/pdf/jpee_2014042117241171.pdf}, DOI={10.4236/jpee.2014.24058}, number={04}, journal={Journal of Power and Energy Engineering JPEE}, author={Du, Feng and Chen, Weigang and Zhuo, Yue and Anheuser, Michael}, year={2014}, pages={432–427}}
@book{uniphy, place={Boston, MA}, title={Sears and Zemansky's University physics}, publisher={Pearson Learning Solutions}, author={Young, Hugh D. and Freedman, Roger A. and Ford, A. Lewis and Young, Hugh D.}, year={2012}}
@INPROCEEDINGS{rogowskiCoil, 
author={Yan Wang and Xiaoshe Zhai and Zhengxiang Song and Yingsan Geng}, 
booktitle={Electric Power Equipment - Switching Technology (ICEPE-ST), 2011 1st International Conference on}, 
title={A new method to detect the short circuit current in DC supply system based on the flexible Rogowski coil}, 
year={2011}, 
pages={237-240}, 
keywords={equivalent circuits;fault current limiters;finite element analysis;frequency response;power distribution faults;relay protection;short-circuit currents;DC supply system;current limiter;differential signal;equivalent circuit;fault detection;finite element method;flexible Rogowski coil;frequency response;integral signal;relay protection function;ship DC distribution system;short circuit current detection;short current protection;Capacitance;Coils;Current measurement;Frequency measurement;Integrated circuit modeling;Short circuit currents;Voltage measurement}, 
doi={10.1109/ICEPE-ST.2011.6122978}, 
month={Oct},}
@MISC{rts,
    author = {Sanjoy Baruah and Joël Goossens},
    title = {Scheduling Real-time Tasks: Algorithms and Complexity},
    year = {2003}
}
@book{hrts, place={Boston}, title={Hard real-time computing systems: predictable scheduling algorithms and applications}, publisher={Kluwer Academic Publishers}, author={Buttazzo, Giorgio C.}, year={1997}}
@ARTICLE{litRev, 
author={B. Lu and S. K. Sharma}, 
journal={IEEE Transactions on Industry Applications}, 
title={A Literature Review of IGBT Fault Diagnostic and Protection Methods for Power Inverters}, 
year={2009}, 
volume={45}, 
number={5}, 
pages={1770-1777}, 
keywords={fault diagnosis;insulated gate bipolar transistors;invertors;IGBT fault diagnostic method;gate-misfiring faults;insulated gate bipolar transistors;open-circuit faults;protection methods;short-circuit faults;three-phase power inverters;Fault diagnosis;gate-misfiring fault;insulated gate bipolar transistor (IGBT);open-circuit fault;power inverter;short-circuit fault}, 
doi={10.1109/TIA.2009.2027535}, 
ISSN={0093-9994}, 
month={Sept},}
@ARTICLE{hiSpeedProtection, 
author={T. Horiguchi and S. i. Kinouchi and Y. Nakayama and T. Oi and H. Urushibata and S. Okamoto and S. Tominaga and H. Akagi}, 
journal={IEEE Transactions on Industry Applications}, 
title={A High-Speed Protection Circuit for IGBTs Subjected to Hard-Switching Faults}, 
year={2015}, 
volume={51}, 
number={2}, 
pages={1774-1781}, 
keywords={insulated gate bipolar transistors;HSF conditions;IGBT;blanking time;collector-emitter voltage;gate charge;gate-emitter voltage;high-speed protection circuit;insulated-gate bipolar transistors;normal turn-on conditions;reverse transfer capacitance;switching faults;Capacitance;Circuit faults;Insulated gate bipolar transistors;Integrated circuit modeling;Logic gates;Switches;Hard-switching faults (HSFs);insulated-gate bipolar transistor (IGBT) model;protection}, 
doi={10.1109/TIA.2014.2354402}, 
ISSN={0093-9994}, 
month={March},}
@INPROCEEDINGS{ultraFastSCD, 
author={S. Hain and M. M. Bakran}, 
booktitle={PCIM Europe 2016; International Exhibition and Conference for Power Electronics, Intelligent Motion, Renewable Energy and Energy Management}, 
title={New Ultra Fast Short Circuit Detection Method Without Using the Desaturation Process of the Power Semiconductor}, 
year={2016}, 
pages={1-8}, 
month={May},}
@INPROCEEDINGS{fastAndEasilyImplementable, 
author={T. Krone and C. Xu and A. Mertens}, 
booktitle={2015 IEEE Energy Conversion Congress and Exposition (ECCE)}, 
title={Fast and easily implementable detection circuits for short-circuits of power semiconductors}, 
year={2015}, 
pages={2715-2722}, 
keywords={invertors;power semiconductor devices;short-circuit currents;accelerated desaturation detection;power semiconductor short circuits;short-circuit detection;Acceleration;Capacitors;Circuit faults;Delays;Insulated gate bipolar transistors;Logic gates;Resistors;Fault analysis;IGBT;desaturation detection;short-circuit}, 
doi={10.1109/ECCE.2015.7310041}, 
ISSN={2329-3721}, 
month={Sept},}
@article{photoVoltaic,
title = "Model-based fault detection of hybrid fuel cell and photovoltaic direct current power sources ",
journal = "Journal of Power Sources ",
volume = "196",
number = "11",
pages = "5197 - 5204",
year = "2011",
note = "",
issn = "0378-7753",
doi = "http://dx.doi.org/10.1016/j.jpowsour.2011.01.089",
url = "http://www.sciencedirect.com/science/article/pii/S0378775311002175",
author = "Liyan Zhang and Alex Q. Huang",
keywords = "Photovoltaic cells",
keywords = "Fuel cells",
keywords = "Lithium-ion battery",
keywords = "Hybrid power sources",
keywords = "Fault detection "
}
@INPROCEEDINGS{engineCtrl, 
author={A. Biondi and G. Buttazzo}, 
booktitle={2015 Design, Automation Test in Europe Conference Exhibition (DATE)}, 
title={Engine control: Task modeling and analysis}, 
year={2015}, 
pages={525-530}, 
keywords={automotive components;control system analysis;internal combustion engines;scheduling;EDF scheduling;automotive industry;classical periodic-sporadic tasks;earliest deadline first;engine control;real-time analysis;Acceleration;Adaptation models;Analytical models;Computational modeling;Engines;Hysteresis;Switches}, 
doi={10.7873/DATE.2015.0147}, 
ISSN={1530-1591}, 
month={March},}
@INPROCEEDINGS{modeChangeSystems, 
author={W. H. Huang and J. J. Chen}, 
booktitle={2015 IEEE 21st International Conference on Embedded and Real-Time Computing Systems and Applications}, 
title={Techniques for Schedulability Analysis in Mode Change Systems under Fixed-Priority Scheduling}, 
year={2015}, 
pages={176-186}, 
keywords={computational complexity;processor scheduling;real-time systems;commercial real-time system;cyber-physical system;fixed-priority scheduling;mode change system;mode-level fixed-priority scheduling;multimode system;polynomial time;rate-monotonic policy;schedulability analysis;Analytical models;Interference;Linear programming;Real-time systems;Scheduling algorithms;Time factors;Upper bound}, 
doi={10.1109/RTCSA.2015.36}, 
ISSN={2325-1271}, 
month={Aug},}
@article{NiFe,
title = "Fabrication of solenoid-type inductor with electroplated NiFe magnetic core ",
journal = "Journal of Magnetism and Magnetic Materials ",
volume = "305",
number = "1",
pages = "207 - 211",
year = "2006",
note = "",
issn = "0304-8853",
doi = "http://dx.doi.org/10.1016/j.jmmm.2005.12.014",
url = "http://www.sciencedirect.com/science/article/pii/S0304885306000047",
author = "Xiao-Yu Gao and Ying Cao and Yong Zhou and Wen Ding and Chong Lei and Ji-An Chen",
keywords = "Solenoid-type inductor",
keywords = "MEMS",
keywords = "Inductance",
keywords = "Quality factor "
}
@misc{explodingPhone,
  title = {Here's why Samsung Note 7 phones are catching fire},
  author={Hollister, Sean},
  howpublished = {\url{https://www.cnet.com/news/why-is-samsung-galaxy-note-7-exploding-overheating/}},
  note = {CNET},
  year={2016},
  month={Oct}
}
@phdthesis{sporadicTaskModel,
 author = {Mok, A. K.},
 title = {Fundamental Design Problems Of Distributed Systems For The Hard-Real-Time Environment},
 year = {1983},
 school = {Massachusetts Institute of Technology},
 address = {Cambridge, MA, USA},
}
@article{thermalAware,
 author = {Hettiarachchi, Pradeep M. and Fisher, Nathan and Ahmed, Masud and Wang, Le Yi and Wang, Shinan and Shi, Weisong},
 title = {A Design and Analysis Framework for Thermal-Resilient Hard Real-Time Systems},
 journal = {ACM Trans. Embed. Comput. Syst.},
 issue_date = {November 2014},
 volume = {13},
 number = {5s},
 month = jul,
 year = {2014},
 issn = {1539-9087},
 pages = {146:1--146:25},
 articleno = {146},
 numpages = {25},
 url = {http://doi.acm.org/10.1145/2632154},
 doi = {10.1145/2632154},
 acmid = {2632154},
 publisher = {ACM},
 address = {New York, NY, USA},
 keywords = {EDF, Real-time systems, controltheoretic systems, multimode system, multimode systems, reactive systems, schedulability, thermal resiliency, thermal-aware periodic resource, thermal-aware systems, thermalaware system},
}
@article{LiuLayland,
 author = {Liu, C. L. and Layland, James W.},
 title = {Scheduling Algorithms for Multiprogramming in a Hard-Real-Time Environment},
 journal = {J. ACM},
 issue_date = {Jan. 1973},
 volume = {20},
 number = {1},
 month = jan,
 year = {1973},
 issn = {0004-5411},
 pages = {46--61},
 numpages = {16},
 url = {http://doi.acm.org/10.1145/321738.321743},
 doi = {10.1145/321738.321743},
 acmid = {321743},
 publisher = {ACM},
 address = {New York, NY, USA},
} 
@INPROCEEDINGS{rateAdaptive, 
author={G. C. Buttazzo and E. Bini and D. Buttle}, 
booktitle={2014 Design, Automation Test in Europe Conference Exhibition (DATE)}, 
title={Rate-adaptive tasks: Model, analysis, and design issues}, 
year={2014}, 
pages={1-6}, 
keywords={angular velocity;automotive components;engines;scheduling;shafts;angular velocity;automotive systems;constant acceleration;constant speed;crankshaft rotation angles;deadline scheduling;dynamic conditions;engine control tasks;rate-adaptive tasks;real-time activity;steady-state conditions;switching speeds;Acceleration;Angular velocity;Computational modeling;Engines;Equations;Steady-state;Switches}, 
doi={10.7873/DATE.2014.266}, 
ISSN={1530-1591}, 
month={March},}

@ARTICLE{IGBTvehicle, 
author={B. Ji and V. Pickert and W. Cao and B. Zahawi}, 
journal={IEEE Transactions on Power Electronics}, 
title={In Situ Diagnostics and Prognostics of Wire Bonding Faults in IGBT Modules for Electric Vehicle Drives}, 
year={2013}, 
volume={28}, 
number={12}, 
pages={5568-5577}, 
keywords={automotive electronics;circuit reliability;condition monitoring;driver circuits;electric vehicles;electronics packaging;fault diagnosis;insulated gate bipolar transistors;lead bonding;motor drives;IGBT drive circuits;IGBT module;condition monitoring method;electric vehicle drives;freewheeling diode;in situ diagnostics;in situ prognostics;insulated gate bipolar transistor;online testing capacity;packaging failure;test bench;wire bond related failure;wire bonding faults;Bonding;Insulated gate bipolar transistors;Junctions;Logic gates;Temperature measurement;Voltage measurement;Wires;Electric vehicles (EVs);heating;insulated-gate bipolar transistors (IGBT);monitoring;power electronics;reliability testing}, 
doi={10.1109/TPEL.2013.2251358}, 
ISSN={0885-8993}, 
month={Dec},}

@article{hiPowerIGBTwind,
title = "An overview of the reliability prediction related aspects of high power \{IGBTs\} in wind power applications ",
journal = "Microelectronics Reliability ",
volume = "51",
number = "9–11",
pages = "1903 - 1907",
year = "2011",
note = "Proceedings of the 22th European Symposium on the RELIABILITY OF ELECTRON DEVICES, FAILURE PHYSICS AND ANALYSIS",
issn = "0026-2714",
doi = "http://dx.doi.org/10.1016/j.microrel.2011.06.053",
url = "http://www.sciencedirect.com/science/article/pii/S0026271411002526",
author = "C. Busca and R. Teodorescu and F. Blaabjerg and S. Munk-Nielsen and L. Helle and T. Abeyasekera and P. Rodriguez"
}
@INPROCEEDINGS{scanalysis, 
author={R. Pagano and Y. Chen and K. Smedley and S. Musumeci and A. Raciti}, 
booktitle={Twentieth Annual IEEE Applied Power Electronics Conference and Exposition, 2005. APEC 2005.}, 
title={Short circuit analysis and protection of power module IGBTs}, 
year={2005}, 
volume={2}, 
pages={777-783 Vol. 2}, 
keywords={failure analysis;fault diagnosis;insulated gate bipolar transistors;low-pass filters;oscillations;power bipolar transistors;short-circuit currents;FUL;HSF;collector voltage;current ringing phenomenon;failure modes;fault protection;fault under load;gate driving condition;hard switching fault;low-pass filter;power module IGBT;short-circuit behaviour;voltage oscillation;voltage spikes;Circuit analysis;Circuit faults;Circuit testing;Insulated gate bipolar transistors;Low pass filters;Multichip modules;Power dissipation;Protection;Switching circuits;Voltage}, 
doi={10.1109/APEC.2005.1453063}, 
ISSN={1048-2334}, 
month={March},}