@INPROCEEDINGS{MultimodalPFRP,
author={X. Zou and A. M. K. Cheng and C. Rincon and Y. Jiang},
booktitle={2017 IEEE 20th International Symposium on Real-Time Distributed Computing (ISORC)},
title={Multi-mode P-FRP Task Scheduling},
year={2017},
volume={},
number={},
pages={150-157},
keywords={functional programming;scheduling;task analysis;P-FRP;multimode task;preemptive functional reactive programming;real-time scheduling;task scheduling;timing analysis;Adaptation models;Computational modeling;Expert systems;Processor scheduling;Programming;Real-time systems;Semantics;Multi-mode Task;P-FRP;Real-time Scheduling},
doi={10.1109/ISORC.2017.19},
ISSN={},
month={May},}

@article{SchedulingRTTAlgAndComplex,
  title={Scheduling real-time tasks: Algorithms and complexity},
  author={Baruah, Sanjoy and Goossens, Jo{\"e}l},
  journal={Handbook of scheduling: Algorithms, models, and performance analysis},
  volume={3},
  year={2004},
  publisher={Chapman Hall/CRC Press}
}

@book{RTSLiu,
 author = {Liu, Jane W. S. W.},
 title = {Real-Time Systems},
 year = {2000},
 isbn = {0130996513},
 edition = {1st},
 publisher = {Prentice Hall PTR},
 address = {Upper Saddle River, NJ, USA},
} 

@book{HRTCS,
 author = {Buttazzo, Giorgio C.},
 title = {Hard Real-Time Computing Systems: Predictable Scheduling Algorithms and Applications},
 year = {2011},
 isbn = {1461406757, 9781461406754},
 edition = {3rd},
 publisher = {Springer Publishing Company, Incorporated},
} 

@inproceedings{ResponseTimeAnalysisforRTTasksinEngineControl,
 author = {Biondi, Alessandro and Di Natale, Marco and Buttazzo, Giorgio},
 title = {Response-time Analysis for Real-time Tasks in Engine Control Applications},
 booktitle = {Proceedings of the ACM/IEEE Sixth International Conference on Cyber-Physical Systems},
 series = {ICCPS '15},
 year = {2015},
 isbn = {978-1-4503-3455-6},
 location = {Seattle, Washington},
 pages = {120--129},
 numpages = {10},
 url = {http://doi.acm.org/10.1145/2735960.2735963},
 doi = {10.1145/2735960.2735963},
 acmid = {2735963},
 publisher = {ACM},
 address = {New York, NY, USA},
} 

@article{TransitionSpeedsEngineControlPerformance,
 author = {Biondi, Alessandro and Natale, Marco Di and Buttazzo, Giorgio C. and Pazzaglia, Paolo},
 title = {Selecting the Transition Speeds of Engine Control Tasks to Optimize the Performance},
 journal = {ACM Trans. Cyber-Phys. Syst.},
 issue_date = {February 2018},
 volume = {2},
 number = {1},
 month = jan,
 year = {2018},
 issn = {2378-962X},
 pages = {1:1--1:26},
 articleno = {1},
 numpages = {26},
 url = {http://doi.acm.org/10.1145/3127022},
 doi = {10.1145/3127022},
 acmid = {3127022},
 publisher = {ACM},
 address = {New York, NY, USA},
 keywords = {Engine control, control performance, design optimization, real-time systems},
} 

@INPROCEEDINGS{FeasibilityAnalysisEngineControlEDF,
author={A. Biondi and G. Buttazzo and S. Simoncelli},
booktitle={2015 27th Euromicro Conference on Real-Time Systems},
title={Feasibility Analysis of Engine Control Tasks under EDF Scheduling},
year={2015},
volume={},
number={},
pages={139-148},
keywords={control engineering computing;engines;scheduling;shafts;AVR task scheduling;EDF scheduling;adaptive variable rate tasks;crankshaft;earliest deadline first scheduling algorithm;engine accelerations;engine control task feasibility analysis;fixed priority scheduling;software tasks;Acceleration;Analytical models;Engines;Processor scheduling;Real-time systems;Scheduling;Search problems},
doi={10.1109/ECRTS.2015.20},
ISSN={1068-3070},
month={July},}

@INPROCEEDINGS{SufficientResponseTimeAnalysisRateDependentTasks,
author={T. Feld and F. Slomka},
booktitle={2015 Design, Automation Test in Europe Conference Exhibition (DATE)},
title={Sufficient response time analysis considering dependencies between rate-dependent tasks},
year={2015},
volume={},
number={},
pages={519-524},
keywords={automotive engineering;embedded systems;engines;mechanical engineering computing;analytical method;automotive embedded real-time systems;deadlines;engine;rate-dependent tasks;response time analysis;worst case execution times;Acceleration;Angular velocity;Computational modeling;Engines;Interference;Real-time systems;Time factors},
doi={10.7873/DATE.2015.0150},
ISSN={1530-1591},
month={March},}

@INPROCEEDINGS{DVFSEquivalenceThermal,
author={M. A. Awan and S. M. Petters},
booktitle={2013 IEEE 19th International Conference on Embedded and Real-Time Computing Systems and Applications},
title={On the equivalence of idealised DVFS and thermally constrained DPM in real-time systems},
year={2013},
volume={},
number={},
pages={346-351},
keywords={embedded systems;power aware computing;dynamic power management approach;dynamic voltage and frequency scaling;idealised DVFS;real-time embedded systems;real-time systems perspective;thermally constrained DPM;Cooling;Delays;Energy consumption;Power demand;Program processors;Real-time systems;Thermal management},
doi={10.1109/RTCSA.2013.6732238},
ISSN={2325-1271},
month={Aug},}

@INPROCEEDINGS{EnergyDrivenDVFSmulticore,
author={J. Boudjadar},
booktitle={2017 IEEE/ACM 21st International Symposium on Distributed Simulation and Real Time Applications (DS-RT)},
title={An efficient energy-driven scheduling of DVFS-multicore systems with a hierarchy of shared memories},
year={2017},
volume={},
number={},
pages={1-8},
keywords={embedded systems;energy consumption;multiprocessing systems;power aware computing;processor scheduling;safety-critical software;shared memory systems;DVFS-multicore systems;battery energy;collaborative scheduling algorithm;cores frequency;cores utilization;dense memory interference queue;dynamic voltage and frequency scaling;efficient energy-driven scheduling;embedded systems;energy consumption;energy-limited sources;memory requests;multicore platforms;processing capacity;processing cores;safety critical systems;safety requirements;schedulability;shared memories;Energy consumption;Interference;Multicore processing;Random access memory;Safety;Tuning},
doi={10.1109/DISTRA.2017.8167661},
ISSN={},
month={Oct},}

@INPROCEEDINGS{WCETestimationRTMulticoreDVFS,
author={J. L. March and S. Petit and J. Sahuquillo and H. Hassan and J. Duato},
booktitle={2014 IEEE Intl Conf on High Performance Computing and Communications, 2014 IEEE 6th Intl Symp on Cyberspace Safety and Security, 2014 IEEE 11th Intl Conf on Embedded Software and Syst (HPCC,CSS,ICESS)},
title={Dynamic WCET Estimation for Real-Time Multicore Embedded Systems Supporting DVFS},
year={2014},
volume={},
number={},
pages={27-33},
keywords={embedded systems;energy conservation;multiprocessing systems;power aware computing;CMAT model;DVFS;constant memory access time model;deadline misses;dynamic WCET estimation;energy savings;execution time estimation;execution time models;memory system components;multicore processor;off-line analysis;proc-mem model;processor clock;processor cycles;processor frequency;processor-memory model;real-time multicore embedded systems;worst case execution time;Benchmark testing;Estimation;Frequency estimation;Mathematical model;Multicore processing;Real-time systems;Time-frequency analysis},
doi={10.1109/HPCC.2014.11},
ISSN={},
month={Aug},}


@INPROCEEDINGS{PowerAwareRTVMSchedulersDVFS,
author={J. h. Seo and G. M. Tchamgoue and K. H. Kim},
booktitle={2014 IEEE 12th International Conference on Dependable, Autonomic and Secure Computing},
title={Power-Aware Real-Time Virtual Machine Schedulers in Discrete DVFS Systems},
year={2014},
volume={},
number={},
pages={459-463},
keywords={cloud computing;computer centres;operating system kernels;performance evaluation;power aware computing;real-time systems;resource allocation;scheduling;virtual machines;RT-Xen hypervisor;VMM;cloud computing environments;data centers;discrete DVFS systems;performance evaluation;power-aware computing;power-aware schedulers;real-time virtual machine schedulers;virtual machine monitor;Cathode ray tubes;Computational modeling;Processor scheduling;Prototypes;Real-time systems;Virtual machine monitors;Virtual machining},
doi={10.1109/DASC.2014.88},
ISSN={},
month={Aug},}


@InProceedings{DRTStateSpacePartitioning,
  author =	{Morteza Mohaqeqi and Jakaria Abdullah and Pontus Ekberg and Wang Yi},
  title =	{{Refinement of Workload Models for Engine Controllers by State Space Partitioning}},
  booktitle =	{29th Euromicro Conference on Real-Time Systems (ECRTS 2017)},
  pages =	{11:1--11:22},
  series =	{Leibniz International Proceedings in Informatics (LIPIcs)},
  ISBN =	{978-3-95977-037-8},
  ISSN =	{1868-8969},
  year =	{2017},
  volume =	{76},
  editor =	{Marko Bertogna},
  publisher =	{Schloss Dagstuhl--Leibniz-Zentrum fuer Informatik},
  address =	{Dagstuhl, Germany},
  URL =		{http://drops.dagstuhl.de/opus/volltexte/2017/7159},
  URN =		{urn:nbn:de:0030-drops-71598},
  doi =		{10.4230/LIPIcs.ECRTS.2017.11},
  annote =	{Keywords: Engine Control Tasks, Schedulability Analysis, Minimum-Time Problem, DRT Task Model}
}

@article{FlexibleRobustParamAssignment,
 author = {Nasri, Mitra},
 title = {On Flexible and Robust Parameter Assignment for Periodic Real-time Components},
 journal = {SIGBED Rev.},
 issue_date = {October 2017},
 volume = {14},
 number = {3},
 month = nov,
 year = {2017},
 issn = {1551-3688},
 pages = {8--15},
 numpages = {8},
 url = {http://doi.acm.org/10.1145/3166227.3166228},
 doi = {10.1145/3166227.3166228},
 acmid = {3166228},
 publisher = {ACM},
 address = {New York, NY, USA},
 keywords = {EDF, RM, parameter assignment, robustness, schedulability guarantee},
} 

@INPROCEEDINGS{SufficientRTAEngineControl,
author={V. Pollex and T. Feld and F. Slomka and U. Margull and R. Mader and G. Wirrer},
booktitle={2013 Design, Automation Test in Europe Conference Exhibition (DATE)},
title={Sufficient real-time analysis for an engine control unit with constant angular velocities},
year={2013},
volume={},
number={},
pages={1335-1338},
keywords={Angular velocity;Camshafts;Ignition;Real-time systems;Time factors;Timing},
doi={10.7873/DATE.2013.275},
ISSN={1530-1591},
month={March},}


@INPROCEEDINGS{ThermalResiliency,
author={P. M. Hettiarachchi and N. Fisher and L. Y. Wang},
booktitle={2013 25th Euromicro Conference on Real-Time Systems},
title={Achieving Thermal-Resiliency for Multicore Hard-Real-Time Systems},
year={2013},
volume={},
number={},
pages={37-46},
keywords={embedded systems;multiprocessing systems;power aware computing;design constraint;dynamic thermal environment;embedded application;multicore hard-realtime system;multicore processor based system design;multiprocessor platform;resource allocation;thermal constraint;thermal resiliency;Central Processing Unit;Multicore processing;Pulse width modulation;Real-time systems;Thermal analysis;Thermal stresses;Control-Theoretic Thermal-Resilient Systems Design;Multi-Mode Systems;Multicore Hard-Real-Time Systems;Real-Time Systems;Thermal-Resiliency;thermal-aware periodic resource},
doi={10.1109/ECRTS.2013.15},
ISSN={1068-3070},
month={July},}

@INPROCEEDINGS{ThermalAwareFeedbackControl,
author={J. Yue and T. Zhang and Y. Liu and B. Quan and C. Tianzhou},
booktitle={2012 IEEE 14th International Conference on High Performance Computing and Communication 2012 IEEE 9th International Conference on Embedded Software and Systems},
title={Thermal-Aware Feedback Control Scheduling for Soft Real-time Systems},
year={2012},
volume={},
number={},
pages={1479-1486},
keywords={feedback;power aware computing;processor scheduling;real-time systems;temperature control;thermal management (packaging);DVS;TAFCS;aperiodic soft real-time systems;average miss rate reduction;computing resource;dynamic real-time performance control;dynamic temperature control;dynamic voltage scaling;inner control loop;maximum miss rate reduction;nested feedback control loop structure;outer control loop;period soft real-time systems;power consumption;real-time performance improvement;thermal management;thermal-aware feedback control scheduling;Feedback control;Frequency control;Mathematical model;Program processors;Real-time systems;Temperature control;Temperature measurement;Thermal-aware scheduling;dynamic voltage scaling;feedback control;soft real-time},
doi={10.1109/HPCC.2012.216},
ISSN={},
month={June},}


@INPROCEEDINGS{Tufc,
author={A. Willcock and N. Fisher},
booktitle={2017 IEEE 23rd International Conference on Embedded and Real-Time Computing Systems and Applications (RTCSA)},
title={Trading utilization for circuitry: Hardware-software co-design for real-time software-based short-circuit protection},
year={2017},
volume={},
number={},
pages={1-8},
keywords={electrical engineering computing;fault diagnosis;hardware-software codesign;short-circuit currents;FUL shorts;HSF;board space;fault under load shorts;hard-switching faults;hardware-software codesign;microprocessor;processor utilization;real-time software-based short-circuit protection;single inductor;software-based detection;Atmospheric modeling;Circuit faults;Inductors;Integrated circuit modeling;Mathematical model;Real-time systems;Resistors;EDF;fault under load;hard-switching fault;hardware-software co-design;short-circuit protection;software-based short detection},
doi={10.1109/RTCSA.2017.8046332},
ISSN={},
month={Aug},}

@INPROCEEDINGS{Digraph,
author={M. Stigge and P. Ekberg and N. Guan and W. Yi},
booktitle={2011 17th IEEE Real-Time and Embedded Technology and Applications Symposium},
title={The Digraph Real-Time Task Model},
year={2011},
volume={},
number={},
pages={71-80},
keywords={directed graphs;processor scheduling;real-time systems;arbitrary deadline;arbitrary directed graph;digraph real-time task model;job release;preemptive uniprocessor;tractable feasibility testing;Analytical models;Automata;Optimization;Polynomials;Real time systems;Semantics;Timing;feasibility;real-time systems;task models;tractability},
doi={10.1109/RTAS.2011.15},
ISSN={1545-3421},
month={April},}

@article{MultiModalTractableSchedAnalysis,
 author = {Ahmed, Masud and Fisher, Nathan},
 title = {Tractable Schedulability Analysis and Resource Allocation for Real-time Multimodal Systems},
 journal = {ACM Trans. Embed. Comput. Syst.},
 issue_date = {January 2014},
 volume = {13},
 number = {2s},
 month = jan,
 year = {2014},
 issn = {1539-9087},
 pages = {65:1--65:28},
 articleno = {65},
 numpages = {28},
 url = {http://doi.acm.org/10.1145/2544375.2544385},
 doi = {10.1145/2544375.2544385},
 acmid = {2544385},
 publisher = {ACM},
 address = {New York, NY, USA},
 keywords = {EDF, multimodal systems, periodic resource, real-time systems, resource allocation, schedulability analysis, temporal isolation},
} 

@INPROCEEDINGS{ExactResponseTimeAnalysis,
author={M. Stigge and N. Guan and W. Yi},
booktitle={2014 26th Euromicro Conference on Real-Time Systems},
title={Refinement-Based Exact Response-Time Analysis},
year={2014},
volume={},
number={},
pages={143-152},
keywords={directed graphs;processor scheduling;real-time systems;DRT;EDF scheduling;combinatorial abstraction refinement;digraph real-time task model;graph-based task models;nondeterministic task behavior;periodic task model;real-time scheduling;refinement-based exact response-time analysis;response-time characterizations;schedulability;static-priority;task-local worst cases;timing constraints;Abstracts;Concrete;Equations;Mathematical model;Radio frequency;Real-time systems;Time factors;EDF;Schedulability Analysis;fixed-priority;response-time analysis},
doi={10.1109/ECRTS.2014.29},
ISSN={1068-3070},
month={July},}


@INPROCEEDINGS{MultiCoreModeTransitionSchedAnalysis,
author={J. Lee and K. G. Shin},
booktitle={2013 IEEE 34th Real-Time Systems Symposium},
title={Schedulability Analysis for a Mode Transition in Real-Time Multi-core Systems},
year={2013},
volume={},
number={},
pages={11-20},
keywords={multiprocessing systems;processor scheduling;real-time systems;arbitrary transition order;control updates;mode transition;nontransitional tasks;optimal transition order;real-time multicore system;schedulability analysis;schedulability performance improvement;system transition;task interference;timing guarantees;transition protocol;Delays;History;Interference;Protocols;Real-time systems;Scheduling algorithms;Mode transition;real-time multi-core systems;schedulability analysis},
doi={10.1109/RTSS.2013.10},
ISSN={1052-8725},
month={Dec},}


@INPROCEEDINGS{ParallelEDFSchedMultiModal,
author={M. Ahmed and N. Fisher and D. Grosu},
booktitle={2012 IEEE International Conference on Embedded and Real-Time Computing Systems and Applications},
title={A Parallel Algorithm for EDF-Schedulability Analysis of Multi-modal Real-Time Systems},
year={2012},
volume={},
number={},
pages={154-163},
keywords={parallel algorithms;real-time systems;scheduling;EDF schedulability analysis;design space exploration;multimodal real-time systems;operating modes;parallel algorithm;real-time embedded systems;Algorithm design and analysis;Complexity theory;Equations;Hardware;Parallel algorithms;Real time systems;Software;earliest deadline first;multi-modal systems;parallel algorithms;real-time systems},
doi={10.1109/RTCSA.2012.49},
ISSN={2325-1271},
month={Aug},}


@ARTICLE{OnlineModeSwitchAlgDataFreshness,
author={S. Han and K. Y. Lam and D. Chen and M. Xiong and J. Wang and K. Ramamritham and A. K. Mok},
journal={IEEE Transactions on Knowledge and Data Engineering},
title={Online Mode Switch Algorithms for Maintaining Data Freshness in Dynamic Cyber-Physical Systems},
year={2016},
volume={28},
number={3},
pages={756-769},
keywords={cyber-physical systems;data handling;scheduling;ABS;IS;SBS;UBSS strategy;adjustment-based switch;asynchronous switch algorithm;data freshness;dynamic cyber-physical systems;instant switch;least-available-laxity-first scheduling policy;online mode switch algorithms;search-based switch;single fixed update algorithm;switch delay reduction;synchronous mode switch algorithms;system schedulability;temporal data validity;utilization-based scheduling selection;Algorithm design and analysis;Cyber-physical systems;Electronic mail;Protocols;Real-time systems;Schedules;Switches;Dynamic cyber-physical systems;Mode switch;Real-time database;Temporal validity;mode switch;real-time database;temporal validity},
doi={10.1109/TKDE.2015.2496199},
ISSN={1041-4347},
month={March},}


@INPROCEEDINGS{RateAdaptiveTasksModelDesign,
author={G. C. Buttazzo and E. Bini and D. Buttle},
booktitle={2014 Design, Automation Test in Europe Conference Exhibition (DATE)},
title={Rate-adaptive tasks: Model, analysis, and design issues},
year={2014},
volume={},
number={},
pages={1-6},
keywords={angular velocity;automotive components;engines;scheduling;shafts;angular velocity;automotive systems;constant acceleration;constant speed;crankshaft rotation angles;deadline scheduling;dynamic conditions;engine control tasks;rate-adaptive tasks;real-time activity;steady-state conditions;switching speeds;Acceleration;Angular velocity;Computational modeling;Engines;Equations;Steady-state;Switches},
doi={10.7873/DATE.2014.266},
ISSN={1530-1591},
month={March},}

@INPROCEEDINGS{FPModeChangeSchedTechniques,
author={W. H. Huang and J. J. Chen},
booktitle={2015 IEEE 21st International Conference on Embedded and Real-Time Computing Systems and Applications},
title={Techniques for Schedulability Analysis in Mode Change Systems under Fixed-Priority Scheduling},
year={2015},
volume={},
number={},
pages={176-186},
keywords={computational complexity;processor scheduling;real-time systems;commercial real-time system;cyber-physical system;fixed-priority scheduling;mode change system;mode-level fixed-priority scheduling;multimode system;polynomial time;rate-monotonic policy;schedulability analysis;Analytical models;Interference;Linear programming;Real-time systems;Scheduling algorithms;Time factors;Upper bound},
doi={10.1109/RTCSA.2015.36},
ISSN={2325-1271},
month={Aug},}


@INPROCEEDINGS{RTanalysisEngineControlSpeedEstimation,
author={A. Biondi and G. Buttazzo},
booktitle={2016 Design, Automation Test in Europe Conference Exhibition (DATE)},
title={Real-time analysis of engine control applications with speed estimation},
year={2016},
volume={},
number={},
pages={193-198},
keywords={adaptive control;engines;numerical analysis;velocity measurement;AVR tasks;adaptive variable-rate tasks;computational activities;engine control applications;instantaneous engine speed;numerical evaluation;real-time analysis;speed estimation;system schedulability;Acceleration;Adaptation models;Analytical models;Engines;Estimation;Real-time systems;Switches},
doi={},
ISSN={},
month={March},}


@INPROCEEDINGS{OSEKLikeKernel,
author={V. Apuzzo and A. Biondi and G. Buttazzo},
booktitle={2016 IEEE Real-Time and Embedded Technology and Applications Symposium (RTAS)},
title={OSEK-Like Kernel Support for Engine Control Applications under EDF Scheduling},
year={2016},
volume={},
number={},
pages={1-11},
keywords={application program interfaces;automobile industry;engines;operating system kernels;shafts;API;AUTOSAR standard;EDF scheduling;ERIKA enterprise operating system;OSEK standard;OSEK-compliant real-time kernel;automotive industries;crankshaft;dynamic scheduling policy;fixed-priority scheduling;Dynamic scheduling;Engines;Job shop scheduling;Kernel;Real-time systems;Standards},
doi={10.1109/RTAS.2016.7461345},
ISSN={},
month={April},}

@ARTICLE{AdaptiveDynamicSchedulingMultiFxnMixedCrit,
author={G. Xie and G. Zeng and Z. Li and R. Li and K. Li},
journal={IEEE Transactions on Vehicular Technology},
title={Adaptive Dynamic Scheduling on Multifunctional Mixed-Criticality Automotive Cyber-Physical Systems},
year={2017},
volume={66},
number={8},
pages={6676-6692},
keywords={adaptive scheduling;automotive electronics;computational complexity;cyber-physical systems;dynamic scheduling;graph theory;mechanical engineering computing;open systems;ACPS;ADS_MIMF;FDS_MIMF;adaptive dynamic scheduling algorithm;automotive embedded systems;deadline miss ratios;distributed end-to-end computations;electronic control unit;fairness-based dynamic scheduling algorithm;integrated automotive architecture;multifunctional mixed-criticality automotive cyber-physical systems;multiple distributed automotive functions;next generation automotive open system architecture adaptive platform;safety-critical functions;task graph;time complexity;Computer architecture;Cyber-physical systems;Dynamic scheduling;Parallel processing;Safety;Vehicle dynamics;AUTOSAR adaptive platform;automotive cyber-physical systems (ACPS);functional safety;mixed-criticality;task graph},
doi={10.1109/TVT.2017.2674302},
ISSN={0018-9545},
month={Aug},}

@INPROCEEDINGS{MultiModalMixedCritRTSonMultiproc,
author={D. de Niz and L. T. X. Phan},
booktitle={2014 IEEE 19th Real-Time and Embedded Technology and Applications Symposium (RTAS)},
title={Partitioned scheduling of multi-modal mixed-criticality real-time systems on multiprocessor platforms},
year={2014},
volume={},
number={},
pages={111-122},
keywords={Linux;multiprocessing systems;processor scheduling;real-time systems;safety-critical software;Linux operating system;mixed-criticality real-time systems;mode transition enforcement mechanism;multiprocessor platforms;packing algorithm;partitioned scheduling;rate-monotonic scheduling;safety criticality;scheduling algorithm;transitional zero-slack instant;Interference;Processor scheduling;Real-time systems;Road transportation;Schedules;Scheduling;Timing},
doi={10.1109/RTAS.2014.6925995},
ISSN={1545-3421},
month={April},}


@INPROCEEDINGS{DesigningSelfAdaptiveEmbeddedRTSoftware,
author={F. J. Rammig and S. Grösbrink and K. Stahl and Y. Zhao},
booktitle={2014 Brazilian Symposium on Computing Systems Engineering},
title={Designing Self-Adaptive Embedded Real-Time Software -- Towards System Engineering of Self-Adaptation},
year={2014},
volume={},
number={},
pages={37-42},
keywords={artificial immune systems;embedded systems;formal verification;software architecture;virtualisation;artificial immune systems;design approach;interlinked embedded systems;mixed-criticality virtualization;online model checking;platform architecture;self-adaptation system engineering;self-adapting safety guards;self-adaptive embedded real-time software design;system architectures;Adaptation models;Embedded systems;Model checking;Real-time systems;Safety;Virtualization;Artificial Immune Systems;Cyber Physical Systems;Danger Theory;Mixed-criticality Systems;Online Model Checking;Self-adapting Software;System Virtualization},
doi={10.1109/SBESC.2014.15},
ISSN={2324-7886},
month={Nov},}

@ARTICLE{ExactInterferenceVRB,
author={T. Feld and F. Slomka},
journal={IEEE Transactions on Computer-Aided Design of Integrated Circuits and Systems},
title={Exact Interference of Tasks with Variable Rate-Dependent Behaviour},
year={2017},
volume={PP},
number={99},
pages={1-1},
keywords={Acceleration;Angular velocity;Engines;Interference;Real-time systems;Time measurement;Velocity measurement;Adaptive Variable-Rate;Automotive;Engine Control Unit;Rate-dependent;Real-Time Analysis;Schedulability Test;Variable Rate-Dependent Behaviour.},
doi={10.1109/TCAD.2017.2729459},
ISSN={0278-0070},
month={},}


@INPROCEEDINGS{ExactInterferenceAVRunderFP,
author={A. Biondi and A. Melani and M. Marinoni and M. D. Natale and G. Buttazzo},
booktitle={2014 26th Euromicro Conference on Real-Time Systems},
title={Exact Interference of Adaptive Variable-Rate Tasks under Fixed-Priority Scheduling},
year={2014},
volume={},
number={},
pages={165-174},
keywords={design engineering;engines;machine control;shafts;adaptive variable-rate task;crankshaft rotation angle;engine control;fixed-priority scheduling;worst-case interference;Acceleration;Analytical models;Computational modeling;Engines;Fuels;Interference;Real-time systems},
doi={10.1109/ECRTS.2014.38},
ISSN={1068-3070},
month={July},}

@inproceedings{UniprocEDFofAVR,
 author = {Guo, Zhishan and Baruah, Sanjoy K.},
 title = {Uniprocessor EDF Scheduling of AVR Task Systems},
 booktitle = {Proceedings of the ACM/IEEE Sixth International Conference on Cyber-Physical Systems},
 series = {ICCPS '15},
 year = {2015},
 isbn = {978-1-4503-3455-6},
 location = {Seattle, Washington},
 pages = {159--168},
 numpages = {10},
 url = {http://doi.acm.org/10.1145/2735960.2735976},
 doi = {10.1145/2735960.2735976},
 acmid = {2735976},
 publisher = {ACM},
 address = {New York, NY, USA},
}

@inproceedings{SchedTestsVRBFixedPriority,
author={R. I. Davis and T. Feld and V. Pollex and F. Slomka},
booktitle={2014 IEEE 19th Real-Time and Embedded Technology and Applications Symposium (RTAS)},
title={Schedulability tests for tasks with Variable Rate-dependent Behaviour under fixed priority scheduling},
year={2014},
volume={},
number={},
pages={51-62},
keywords={automotive electronics;embedded systems;scheduling;ILP formulation;VRB;angular rotation;angular velocity;automotive embedded real-time system;complex analysis;cyclic task;engine management;fixed priority scheduling;response time analysis;schedulability test;sporadic task;variable inter-arrival time;variable rate-dependent behaviour;worst-case execution time;Analytical models;Angular velocity;Engines;Interference;Real-time systems;Time factors;Upper bound;automotive;fixed priority;mode changes;real-time scheduling;schedulability analysis;variable deadline;variable execution time;variable rate},
doi={10.1109/RTAS.2014.6925990},
ISSN={1545-3421},
month={April},}

@ARTICLE{ModelingAnalysisEngineControlDynamicPriority,
author={A. Biondi and G. Buttazzo},
journal={IEEE Transactions on Industrial Informatics},
title={Modeling and Analysis of Engine Control Tasks Under Dynamic Priority Scheduling},
year={2018},
volume={PP},
number={99},
pages={1-1},
keywords={Acceleration;Engines;Job shop scheduling;Software;Timing;Vehicle dynamics},
doi={10.1109/TII.2018.2791939},
ISSN={1551-3203},
month={},}

@INPROCEEDINGS{EngineControlTaskModelingAnalysis,
author={A. Biondi and G. Buttazzo},
booktitle={2015 Design, Automation Test in Europe Conference Exhibition (DATE)},
title={Engine control: Task modeling and analysis},
year={2015},
volume={},
number={},
pages={525-530},
keywords={automotive components;control system analysis;internal combustion engines;scheduling;EDF scheduling;automotive industry;classical periodic-sporadic tasks;earliest deadline first;engine control;real-time analysis;Acceleration;Adaptation models;Analytical models;Computational modeling;Engines;Hysteresis;Switches},
doi={10.7873/DATE.2015.0147},
ISSN={1530-1591},
month={March},}

@ARTICLE{RTAEngineControlFP,
author={A. Biondi and M. Di Natale and G. Buttazzo},
journal={IEEE Transactions on Computers},
title={Response-Time Analysis of Engine Control Applications under Fixed-Priority Scheduling},
year={2017},
volume={PP},
number={99},
pages={1-1},
keywords={Acceleration;Analytical models;Automotive engineering;Computational modeling;Engines;Real-time systems;cyber-physical systems;engine-control;real-time analysis},
doi={10.1109/TC.2017.2777826},
ISSN={0018-9340},
month={},}

@INPROCEEDINGS{PerformanceDrivenDesign,
author={A. Biondi and M. Di Natale and G. Buttazzo},
booktitle={2016 ACM/IEEE 7th International Conference on Cyber-Physical Systems (ICCPS)},
title={Performance-Driven Design of Engine Control Tasks},
year={2016},
volume={},
number={},
pages={1-10},
keywords={control system synthesis;engines;optimisation;shafts;tree searching;adaptive variable rate;branch-and-bound;computational load;crankshaft;engine control;engine speed;optimization;performance metric;performance-driven design;Engines;Measurement;Optimization;Switches;System performance;Time factors;Upper bound},
doi={10.1109/ICCPS.2016.7479111},
ISSN={},
month={April},}

@INPROCEEDINGS{ApproxRTATaskGraph,
author={N. Guan and C. Gu and M. Stigge and Q. Deng and W. Yi},
booktitle={2014 IEEE Real-Time Systems Symposium},
title={Approximate Response Time Analysis of Real-Time Task Graphs},
year={2014},
volume={},
number={},
pages={304-313},
keywords={computational complexity;directed graphs;scheduling;IBF analysis;RBF analysis;approximate response time analysis;digraph real-time task model;dual-task systems;graph-based real-time task models;pseudo-polynomial complexity;randomly generated task sets;real-time task graphs;speedup factor;static-priority scheduling;Analytical models;Complexity theory;Context modeling;Interference;Radio frequency;Real-time systems;Time factors;DRT;real-time systems;response time analysis;speedup factor;task graphs},
doi={10.1109/RTSS.2014.20},
ISSN={1052-8725},
month={Dec},}

@INPROCEEDINGS{RTAThermalAware,
author={Y. Chandarli and N. Fisher and D. Masson},
booktitle={2015 IEEE 18th International Symposium on Real-Time Distributed Computing},
title={Response Time Analysis for Thermal-Aware Real-Time Systems under Fixed-Priority Scheduling},
year={2015},
volume={},
number={},
pages={84-93},
keywords={embedded systems;energy harvesting;microprocessor chips;power aware computing;processor scheduling;PFPasap algorithm;energy-harvesting systems;fixed-priority scheduling;new generation miniaturized embedded systems;nonconcrete fixed-priority task sets;randomly-generated task systems;response time analysis;thermal constraints;thermal-aware real-time systems;worst-case response-time upper bounds;Cooling;Heating;Mathematical model;Real-time systems;Schedules;Scheduling;Time factors;cooling;energy;energy-harvesting;fixed priority;heating;real-time systems;scheduling;thermal-aware},
doi={10.1109/ISORC.2015.34},
ISSN={1555-0885},
month={April},}


@INPROCEEDINGS{RhythmicTasks,
author={J. Kim and K. Lakshmanan and R. Rajkumar},
booktitle={2012 IEEE/ACM Third International Conference on Cyber-Physical Systems},
title={Rhythmic Tasks: A New Task Model with Continually Varying Periods for Cyber-Physical Systems},
year={2012},
volume={},
number={},
pages={55-64},
keywords={acceleration;automobiles;automotive components;embedded systems;engines;road safety;scheduling;sensors;shafts;EDF;RMS;automobile mechanical subsystems;continually varying periods;cyber-physical systems;drive-by-wire systems;dynamic operating environments;electronically controlled systems;engine acceleration rates;engine control task;engine crankshaft;engine deceleration rates;engine events;engine speed;fixed-priority scheduling;life damage;mechanical backup;periodic task schedulability;physical engine speed;real-time scheduling techniques;rhythmic engine control task model;safety violation;schedulability tests;timing deadline;Acceleration;Engines;Equations;Fuels;Real time systems;Steady-state;Vehicles;Cyber-Physical;Embedded-System;Engine;Real-time;Rhythmic-Task;Scheduling},
doi={10.1109/ICCPS.2012.14},
ISSN={},
month={April},}

@ARTICLE{BLDC,
author={Y. Cao and T. Shi and X. Niu and X. Li and C. Xia},
journal={IEEE Transactions on Energy Conversion},
title={A Smooth Torque Control Strategy for Brushless DC Motor in Braking Operation},
year={2018},
volume={PP},
number={99},
pages={1-1},
keywords={Commutation;Controllability;Modulation;Switches;Torque;Torque control;Torque measurement;Brushless DC motor;braking operation;braking torque controllability;commutation torque ripple;unipolar modulation pattern},
doi={10.1109/TEC.2018.2800750},
ISSN={0885-8969},
month={},}

@INPROCEEDINGS{Pacemaker,
author={A. Beainy and G. El-Jamal and Z. B. Sakr and N. Moubayed},
booktitle={The Third International Conference on e-Technologies and Networks for Development (ICeND2014)},
title={Mathematical modeling of pacemaker for study of battery longevity},
year={2014},
volume={},
number={},
pages={131-134},
keywords={pacemakers;prosthetic power supplies;battery longevity;battery protection;depreciation;pacemaker batteries;stimulus currents;wear;Batteries;Energy consumption;Equations;Heart;Lithium;Mathematical model;Pacemakers;Chronaxie time;Depolarization;Heart;Lithium Ion Batteries;Longevity;Natural pacemaker;Rheobase;Stimulus pulse},
doi={10.1109/ICeND.2014.6991366},
ISSN={},
month={April},}

@MISC{NIH,
    author = {{National Institude of Health}},
    title = {Comparison of an Implantable Cardioverter Defibrillator and a Pacemaker},
    year = {2018},
    note = {[Online; accessed March 08, 2018]},
    url = {https://www.nhlbi.nih.gov/sites/default/files/styles/freeform_crop/public/images_270?itok=VnuxuZdO}
}

@book{uniphy, place={Boston, MA}, title={Sears and Zemansky's University physics}, publisher={Pearson Learning Solutions}, author={Young, Hugh D. and Freedman, Roger A. and Ford, A. Lewis and Young, Hugh D.}, year={2012}} 